<?xml version="1.0" encoding="UTF-8"?><collection xmlns="http://www.loc.gov/MARC21/slim"><record><leader>00504nam--2200169-i-4500</leader><controlfield tag="001">000043735</controlfield><controlfield tag="002">20161230</controlfield><controlfield tag="005">20161230201044</controlfield><controlfield tag="008">060222s1000------------r-----000-0-eng-d</controlfield><datafield ind1=" " ind2=" " tag="040"><subfield code="a">IFIN-HH</subfield></datafield><datafield ind1=" " ind2=" " tag="080"><subfield code="a">539.172</subfield></datafield><datafield ind1="1" ind2=" " tag="100"><subfield code="a">Strudler, Paul Michael</subfield></datafield><datafield ind1="1" ind2="0" tag="245"><subfield code="a">Nucleon transfer processes in reactions of heavy ions with indium-115</subfield><subfield code="b">Paul michael strudler</subfield></datafield><datafield ind1=" " ind2=" " tag="260"><subfield code="a">Ann Arbor, Michigan</subfield><subfield code="b">University Microfilms, Inc</subfield><subfield code="c">1966</subfield></datafield><datafield ind1=" " ind2=" " tag="300"><subfield code="a">176P</subfield></datafield><datafield ind1=" " ind2=" " tag="852"><subfield code="a">29919</subfield><subfield code="c">539.17</subfield></datafield><datafield ind1=" " ind2=" " tag="CAT"><subfield code="a">Sys</subfield><subfield code="c">20120606</subfield><subfield code="h">104455</subfield></datafield></record></collection>